@misc{cit:boost_type_traits:02,
  key = "BTR",
  title = {{The Boost type\_traits library}},
  howpublished = {\url{www.boost.org/libs/type_traits}},
  year = 2002,
}

@misc{cit:boost_tuple_library:01,
  author = {Jaakko J\"arvi},
  title = {{The Boost Tuple Library}},
  howpublished = {\url{www.boost.org/libs/type_traits}},
  year = 2001,
}
@article{jarvi:01:cuj_tuples,
  title = {Tuple types and multiple return values},
  author = {Jaakko J\"arvi},
  year = 2001,
  month = aug,
  volume = 19,
  pages = "24--35",
  journal = "C/C++ Users Journal",
}
@article{cit:maddock:00,
  title = "C++ Type traits",
  author = {John Maddock and Steve Cleary},
  journal = "Dr Dobb's Journal",
  year = 2000,
  month = oct,
}
@misc{cit:type_traits_proposal:02,
  title = {{A Proposal to add Type Traits to the Standard Library}},
  author = {John Maddock},
  year = 2002,
  month = mar,
  howpublished = {{Doc. no. J16/02-0003 = WG21/N1345}},
}